<collection xmlns="http://www.loc.gov/MARC21/slim">
<record>
  <leader>00327nam0a22000971i 450 </leader>
  <controlfield tag="001">IT\ICCU\CNCE\070864</controlfield>
  <controlfield tag="005">20070725000000.0</controlfield>
  <datafield tag="100" ind1=" " ind2=" ">
    <subfield code="a">20070606             0itac0103    ba</subfield>
  </datafield>
  <datafield tag="200" ind1="1" ind2=" ">
    <subfield code="a">De&apos; primi principij della lingua latina, ouero il Priscianello</subfield>
  </datafield>
  <datafield tag="801" ind1=" " ind2="3">
    <subfield code="a">IT</subfield>
    <subfield code="b">ICCU</subfield>
    <subfield code="c">20201115</subfield>
  </datafield>
  <datafield tag="899" ind1=" " ind2=" ">
    <subfield code="a">Biblioteca Estense Universitaria. Modena</subfield>
    <subfield code="1">MO0089</subfield>
    <subfield code="2">MOD BE</subfield>
  </datafield>
</record>
</collection>
